@article{hug2016new,
  title={A new view of the tree of life},
  author={Hug, Laura A and Baker, Brett J and Anantharaman, Karthik and Brown, Christopher T and Probst, Alexander J and Castelle, Cindy J and Butterfield, Cristina N and Hernsdorf, Alex W and Amano, Yuki and Ise, Kotaro and others},
  journal={Nature microbiology},
  volume={1},
  number={5},
  pages={16048},
  year={2016},
  publisher={Nature Publishing Group}
}

@article{brown2015unusual,
  title={Unusual biology across a group comprising more than 15\% of domain Bacteria},
  author={Brown, Christopher T and Hug, Laura A and Thomas, Brian C and Sharon, Itai and Castelle, Cindy J and Singh, Andrea and Wilkins, Michael J and Wrighton, Kelly C and Williams, Kenneth H and Banfield, Jillian F},
  journal={Nature},
  volume={523},
  number={7559},
  pages={208},
  year={2015},
  publisher={Nature Publishing Group}
}

